%% This BibTeX bibliography file was created using BibDesk.
%% http://bibdesk.sourceforge.net/


%% Created for Paul Rubenstein at 2015-08-31 16:10:06 +0100 


%% Saved with string encoding Unicode (UTF-8) 



@book{lancaster1969chi,
	Author = {Lancaster, Henry Oliver},
	Date-Added = {2015-08-27 17:25:01 +0000},
	Date-Modified = {2015-08-27 17:25:01 +0000},
	Publisher = {Wiley Online Library},
	Title = {Chi-Square Distribution},
	Year = {1969}}

@book{doukhan1994mixing,
	Author = {Doukhan, Paul},
	Date-Added = {2015-08-27 17:19:39 +0000},
	Date-Modified = {2015-08-27 17:19:39 +0000},
	Publisher = {Springer},
	Title = {Mixing},
	Year = {1994}}

@incollection{dedecker2007weak,
	Author = {Dedecker, J{\'e}r{\^o}me and Doukhan, Paul and Lang, Gabriel and Rafael, Le{\'o}n R Jos{\'e} and Louhichi, Sana and Prieur, Cl{\'e}mentine},
	Booktitle = {Weak Dependence: With Examples and Applications},
	Date-Added = {2015-08-27 16:07:25 +0000},
	Date-Modified = {2015-08-27 16:07:25 +0000},
	Pages = {9--20},
	Publisher = {Springer},
	Title = {Weak dependence},
	Year = {2007}}

@article{bradley2005basic,
	Author = {Bradley, Richard C and others},
	Date-Added = {2015-08-27 16:06:02 +0000},
	Date-Modified = {2015-08-27 16:06:02 +0000},
	Journal = {Probability surveys},
	Number = {2},
	Pages = {107--144},
	Title = {Basic properties of strong mixing conditions. A survey and some open questions},
	Volume = {2},
	Year = {2005}}

@article{gretton2005kernel,
	Author = {Gretton, Arthur and Herbrich, Ralf and Smola, Alexander and Bousquet, Olivier and Sch{\"o}lkopf, Bernhard},
	Date-Added = {2015-08-27 15:51:44 +0000},
	Date-Modified = {2015-08-27 15:51:44 +0000},
	Journal = {The Journal of Machine Learning Research},
	Pages = {2075--2129},
	Publisher = {JMLR. org},
	Title = {Kernel methods for measuring independence},
	Volume = {6},
	Year = {2005}}

@inproceedings{smola2007hilbert,
	Author = {Smola, Alex and Gretton, Arthur and Song, Le and Sch{\"o}lkopf, Bernhard},
	Booktitle = {Algorithmic Learning Theory},
	Date-Added = {2015-08-27 15:10:34 +0000},
	Date-Modified = {2015-08-27 15:10:34 +0000},
	Organization = {Springer},
	Pages = {13--31},
	Title = {A Hilbert space embedding for distributions},
	Year = {2007}}

@inproceedings{gretton2005measuring,
	Author = {Gretton, Arthur and Bousquet, Olivier and Smola, Alex and Sch{\"o}lkopf, Bernhard},
	Booktitle = {Algorithmic learning theory},
	Date-Added = {2015-08-27 15:01:36 +0000},
	Date-Modified = {2015-08-27 15:01:36 +0000},
	Organization = {Springer},
	Pages = {63--77},
	Title = {Measuring statistical dependence with Hilbert-Schmidt norms},
	Year = {2005}}

@article{hofmann2008kernel,
	Author = {Hofmann, Thomas and Sch{\"o}lkopf, Bernhard and Smola, Alexander J},
	Date-Added = {2015-08-27 15:00:40 +0000},
	Date-Modified = {2015-08-27 15:00:40 +0000},
	Journal = {The annals of statistics},
	Pages = {1171--1220},
	Publisher = {JSTOR},
	Title = {Kernel methods in machine learning},
	Year = {2008}}

@book{pearl2009causality,
	Author = {Pearl, Judea},
	Date-Added = {2015-08-27 14:53:54 +0000},
	Date-Modified = {2015-08-27 14:53:54 +0000},
	Publisher = {Cambridge university press},
	Title = {Causality},
	Year = {2009}}

@article{zhang2012kernel,
	Author = {Zhang, Kun and Peters, Jonas and Janzing, Dominik and Sch{\"o}lkopf, Bernhard},
	Date-Added = {2015-08-27 14:53:04 +0000},
	Date-Modified = {2015-08-27 14:53:04 +0000},
	Journal = {arXiv preprint arXiv:1202.3775},
	Title = {Kernel-based conditional independence test and application in causal discovery},
	Year = {2012}}

@article{williams2006gaussian,
	Author = {Williams, Christopher KI and Rasmussen, Carl Edward},
	Date-Added = {2015-08-27 14:33:46 +0000},
	Date-Modified = {2015-08-27 14:33:46 +0000},
	Journal = {the MIT Press},
	Number = {3},
	Pages = {4},
	Title = {Gaussian processes for machine learning},
	Volume = {2},
	Year = {2006}}

@book{berlinet2011reproducing,
	Author = {Berlinet, Alain and Thomas-Agnan, Christine},
	Date-Added = {2015-08-27 14:27:35 +0000},
	Date-Modified = {2015-08-27 14:27:35 +0000},
	Publisher = {Springer Science \&amp; Business Media},
	Title = {Reproducing kernel Hilbert spaces in probability and statistics},
	Year = {2011}}

@book{scholkopf2002learning,
	Author = {Sch{\"o}lkopf, Bernhard and Smola, Alexander J},
	Date-Added = {2015-08-27 14:14:05 +0000},
	Date-Modified = {2015-08-27 14:14:05 +0000},
	Publisher = {MIT press},
	Title = {Learning with kernels: Support vector machines, regularization, optimization, and beyond},
	Year = {2002}}

@article{sriperumbudur2011universality,
	Author = {Sriperumbudur, Bharath K and Fukumizu, Kenji and Lanckriet, Gert RG},
	Date-Added = {2015-08-27 11:11:52 +0000},
	Date-Modified = {2015-08-27 11:11:52 +0000},
	Journal = {The Journal of Machine Learning Research},
	Pages = {2389--2410},
	Publisher = {JMLR. org},
	Title = {Universality, characteristic kernels and RKHS embedding of measures},
	Volume = {12},
	Year = {2011}}

@article{holm1979simple,
	Author = {Holm, Sture},
	Date-Added = {2015-08-27 11:07:19 +0000},
	Date-Modified = {2015-08-27 11:07:19 +0000},
	Journal = {Scandinavian journal of statistics},
	Pages = {65--70},
	Publisher = {JSTOR},
	Title = {A simple sequentially rejective multiple test procedure},
	Year = {1979}}

@article{gretton2012kernel,
	Author = {Gretton, Arthur and Borgwardt, Karsten M and Rasch, Malte J and Sch{\"o}lkopf, Bernhard and Smola, Alexander},
	Date-Added = {2015-08-27 11:05:18 +0000},
	Date-Modified = {2015-08-27 11:05:18 +0000},
	Journal = {The Journal of Machine Learning Research},
	Number = {1},
	Pages = {723--773},
	Publisher = {JMLR. org},
	Title = {A kernel two-sample test},
	Volume = {13},
	Year = {2012}}

@article{sriperumbudur2010hilbert,
	Author = {Sriperumbudur, Bharath K and Gretton, Arthur and Fukumizu, Kenji and Sch{\"o}lkopf, Bernhard and Lanckriet, Gert RG},
	Date-Added = {2015-08-27 10:57:48 +0000},
	Date-Modified = {2015-08-27 10:57:48 +0000},
	Journal = {The Journal of Machine Learning Research},
	Pages = {1517--1561},
	Publisher = {JMLR. org},
	Title = {Hilbert space embeddings and metrics on probability measures},
	Volume = {11},
	Year = {2010}}

@book{steinwart2008support,
	Author = {Steinwart, Ingo and Christmann, Andreas},
	Date-Added = {2015-08-27 10:54:18 +0000},
	Date-Modified = {2015-08-27 10:54:18 +0000},
	Publisher = {Springer Science \&amp; Business Media},
	Title = {Support vector machines},
	Year = {2008}}

@book{serfling2009approximation,
	Author = {Serfling, Robert J},
	Date-Added = {2015-08-27 10:35:52 +0000},
	Date-Modified = {2015-08-27 10:35:52 +0000},
	Publisher = {John Wiley \&amp; Sons},
	Title = {Approximation theorems of mathematical statistics},
	Volume = {162},
	Year = {2009}}

@article{shao2010dependent,
	Author = {Shao, Xiaofeng},
	Date-Added = {2015-08-27 10:32:33 +0000},
	Date-Modified = {2015-08-27 10:32:33 +0000},
	Journal = {Journal of the American Statistical Association},
	Number = {489},
	Pages = {218--235},
	Publisher = {Taylor \&amp; Francis},
	Title = {The dependent wild bootstrap},
	Volume = {105},
	Year = {2010}}

@inproceedings{gretton2007kernel,
	Author = {Gretton, Arthur and Fukumizu, Kenji and Teo, Choon H and Song, Le and Sch{\"o}lkopf, Bernhard and Smola, Alex J},
	Booktitle = {Advances in Neural Information Processing Systems},
	Date-Added = {2015-08-26 21:45:59 +0000},
	Date-Modified = {2015-08-26 21:45:59 +0000},
	Pages = {585--592},
	Title = {A kernel statistical test of independence},
	Year = {2007}}

@inproceedings{chwialkowski2014wild,
	Author = {Chwialkowski, Kacper P and Sejdinovic, Dino and Gretton, Arthur},
	Booktitle = {Advances in neural information processing systems},
	Date-Added = {2015-08-26 21:44:35 +0000},
	Date-Modified = {2015-08-26 21:44:35 +0000},
	Pages = {3608--3616},
	Title = {A wild bootstrap for degenerate kernel tests},
	Year = {2014}}

@article{dehling2015bootstrap,
	Author = {Dehling, Herold and Sharipov, Olimjon Sh and Wendler, Martin},
	Date-Added = {2015-08-26 21:44:01 +0000},
	Date-Modified = {2015-08-26 21:44:01 +0000},
	Journal = {Journal of Multivariate Analysis},
	Pages = {200--215},
	Publisher = {Elsevier},
	Title = {Bootstrap for dependent Hilbert space-valued random variables with application to von Mises statistics},
	Volume = {133},
	Year = {2015}}

@article{chwialkowski2014kernel,
	Author = {Chwialkowski, Kacper and Gretton, Arthur},
	Date-Added = {2015-08-26 21:43:32 +0000},
	Date-Modified = {2015-08-26 21:43:32 +0000},
	Journal = {arXiv preprint arXiv:1402.4501},
	Title = {A kernel independence test for random processes},
	Year = {2014}}

@inproceedings{sejdinovic2013kernel,
	Author = {Sejdinovic, Dino and Gretton, Arthur and Bergsma, Wicher},
	Booktitle = {Advances in Neural Information Processing Systems},
	Date-Added = {2015-08-26 21:42:41 +0000},
	Date-Modified = {2015-08-26 21:42:41 +0000},
	Pages = {1124--1132},
	Title = {A kernel test for three-variable interactions},
	Year = {2013}}

@article{leucht2013dependent,
	Author = {Leucht, Anne and Neumann, Michael H},
	Date-Added = {2015-08-26 21:06:47 +0000},
	Date-Modified = {2015-08-26 21:06:47 +0000},
	Journal = {Journal of Multivariate Analysis},
	Pages = {257--280},
	Publisher = {Elsevier},
	Title = {Dependent wild bootstrap for degenerate U-and V-statistics},
	Volume = {117},
	Year = {2013}}
